@article{journals/pbml/Junczys-Dowmunt12,
  added-at = {2012-10-19T00:00:00.000+0200},
  author = {Junczys-Dowmunt, Marcin},
  biburl = {http://www.bibsonomy.org/bibtex/2d60d04b4044c239565467da5a95644b6/dblp},
  ee = {http://ufal.mff.cuni.cz/pbml/98/art-junczys-dowmunt.pdf},
  interhash = {40efbb27f6768125b55f7108209ad778},
  intrahash = {d60d04b4044c239565467da5a95644b6},
  journal = {Prague Bull. Math. Linguistics},
  keywords = {dblp},
  pages = {63-74},
  title = {Phrasal Rank-Encoding: Exploiting Phrase Redundancy and Translational Relations for Phrase Table Compression.},
  url = {http://dblp.uni-trier.de/db/journals/pbml/pbml98.html#Junczys-Dowmunt12},
  volume = 98,
  year = 2012
}

@inproceedings{conf/tsd/Junczys-Dowmunt12a,
  added-at = {2012-08-11T00:00:00.000+0200},
  author = {Junczys-Dowmunt, Marcin},
  biburl = {http://www.bibsonomy.org/bibtex/2119e055ca7c2ab60fa0586c6bc829e1c/dblp},
  booktitle = {TSD},
  crossref = {conf/tsd/2012},
  editor = {Sojka, Petr and Horák, Ales and Kopecek, Ivan and Pala, Karel},
  ee = {http://dx.doi.org/10.1007/978-3-642-32790-2_41},
  interhash = {e0cbedf253fb0f364c2fb519c9788cba},
  intrahash = {119e055ca7c2ab60fa0586c6bc829e1c},
  isbn = {978-3-642-32789-6},
  keywords = {dblp},
  pages = {336-344},
  publisher = {Springer},
  series = {Lecture Notes in Computer Science},
  title = {A Genetic Programming Experiment in Natural Language Grammar Engineering.},
  url = {http://dblp.uni-trier.de/db/conf/tsd/tsd2012.html#Junczys-Dowmunt12a},
  volume = 7499,
  year = 2012
}

@inproceedings{conf/tsd/Junczys-Dowmunt12,
  added-at = {2012-08-11T00:00:00.000+0200},
  author = {Junczys-Dowmunt, Marcin},
  biburl = {http://www.bibsonomy.org/bibtex/277deabc7a672b8a8cbcc404012479347/dblp},
  booktitle = {TSD},
  crossref = {conf/tsd/2012},
  editor = {Sojka, Petr and Horák, Ales and Kopecek, Ivan and Pala, Karel},
  ee = {http://dx.doi.org/10.1007/978-3-642-32790-2_39},
  interhash = {6a0fa6ce6ca03eddb8e1d9bfff439b4c},
  intrahash = {77deabc7a672b8a8cbcc404012479347},
  isbn = {978-3-642-32789-6},
  keywords = {dblp},
  pages = {320-327},
  publisher = {Springer},
  series = {Lecture Notes in Computer Science},
  title = {A Space-Efficient Phrase Table Implementation Using Minimal Perfect Hash Functions.},
  url = {http://dblp.uni-trier.de/db/conf/tsd/tsd2012.html#Junczys-Dowmunt12},
  volume = 7499,
  year = 2012
}

@inproceedings{conf/iis/Junczys-DowmuntS11,
  added-at = {2012-02-03T00:00:00.000+0100},
  author = {Junczys-Dowmunt, Marcin and Szal, Arkadiusz},
  biburl = {http://www.bibsonomy.org/bibtex/24e47867140dcd5daf0f361a228ec99eb/dblp},
  booktitle = {SIIS},
  crossref = {conf/iis/2011},
  editor = {Bouvry, Pascal and Klopotek, Mieczyslaw A. and Leprévost, Franck and Marciniak, Malgorzata and Mykowiecka, Agnieszka and Rybinski, Henryk},
  ee = {http://dx.doi.org/10.1007/978-3-642-25261-7_30},
  interhash = {6c7f6d9261b3b1bad82149fde59d7b02},
  intrahash = {4e47867140dcd5daf0f361a228ec99eb},
  isbn = {978-3-642-25260-0},
  keywords = {dblp},
  pages = {379-390},
  publisher = {Springer},
  series = {Lecture Notes in Computer Science},
  title = {SyMGiza++: Symmetrized Word Alignment Models for Statistical Machine Translation.},
  url = {http://dblp.uni-trier.de/db/conf/iis/siis2011.html#Junczys-DowmuntS11},
  volume = 7053,
  year = 2011
}

@inproceedings{conf/imcsit/Junczys-DowmuntS10,
  added-at = {2011-01-07T00:00:00.000+0100},
  author = {Junczys-Dowmunt, Marcin and Szal, Arkadiusz},
  biburl = {http://www.bibsonomy.org/bibtex/230965429b6789507d1053f1396d7ac01/dblp},
  booktitle = {IMCSIT},
  crossref = {conf/imcsit/2010},
  ee = {http://www.proceedings2010.imcsit.org/pliks/172.pdf},
  interhash = {0d1aa41f564b468ccd94635220d728af},
  intrahash = {30965429b6789507d1053f1396d7ac01},
  isbn = {978-83-60810-27-9},
  keywords = {dblp},
  pages = {397-401},
  title = {SyMGiza++: A Tool for Parallel Computation of Symmetrized Word Alignment Models.},
  url = {http://dblp.uni-trier.de/db/conf/imcsit/imcsit2010.html#Junczys-DowmuntS10},
  year = 2010
}

@inproceedings{conf/imcsit/Junczys-Dowmunt09,
  added-at = {2010-07-21T16:07:17.000+0200},
  author = {Junczys-Dowmunt, Marcin},
  biburl = {http://www.bibsonomy.org/bibtex/2c004e3bdae6bae17e7b1df09bd4161e0/dblp},
  booktitle = {IMCSIT},
  crossref = {conf/imcsit/2009},
  date = {2010-05-25},
  ee = {http://dx.doi.org/10.1109/IMCSIT.2009.5352722},
  interhash = {fce232866490c8c261109aa8cfae5631},
  intrahash = {c004e3bdae6bae17e7b1df09bd4161e0},
  keywords = {dblp},
  pages = {219-226},
  publisher = {IEEE},
  title = {It's all about the trees towards a hybrid syntax-based MT system.},
  url = {http://dblp.uni-trier.de/db/conf/imcsit/imcsit2009.html#Junczys-Dowmunt09},
  year = 2009
}

@inproceedings{conf/cicling/Junczys-Dowmunt10,
  added-at = {2010-03-18T00:00:00.000+0100},
  author = {Junczys-Dowmunt, Marcin},
  biburl = {http://www.bibsonomy.org/bibtex/2b85f3a916b910b18c31b9062071b2e4f/dblp},
  booktitle = {CICLing},
  crossref = {conf/cicling/2010},
  date = {2010-03-18},
  description = {dblp},
  editor = {Gelbukh, Alexander F.},
  ee = {http://dx.doi.org/10.1007/978-3-642-12116-6_38},
  interhash = {b45e2ec1b9ffe4d11c5eac4e02f20589},
  intrahash = {b85f3a916b910b18c31b9062071b2e4f},
  isbn = {978-3-642-12115-9},
  keywords = {dblp},
  pages = {451-463},
  publisher = {Springer},
  series = {Lecture Notes in Computer Science},
  title = {A Maximum Entropy Approach to Syntactic Translation Rule Filtering.},
  url = {http://dblp.uni-trier.de/db/conf/cicling/cicling2010.html#Junczys-Dowmunt10},
  volume = 6008,
  year = 2010
}

@InProceedings{junczys_eamt_2012,
  author = {Marcin Junczys-Dowmunt},
  title = {A Phrase Table without Phrases: Rank Encoding for Better Phrase Table Compression},
  booktitle = {16th Annual Conference of the European Association for Machine Translation (EAMT)},
  year = {2012},
  address = {Trento, Italy},
  url = {http://www.mt-archive.info/EAMT-2012-Junczys-Dowmunt.pdf},
  pages = {245--252},
}

@InProceedings{junczys_tsd_2012b,
  author = {Marcin Junczys-Dowmunt},
  title = {A Space-Efficient Phrase Table Implementation Using Minimal Perfect Hash Functions},
  booktitle = {15th International Conference on Text, Speech and Dialogue (TSD)},
  year = {2012},
  series = {Lecture Notes in Artificial Intelligence (LNAI)},
  volume = {7499},
  address = {Brno, Czech Republic},
  publisher = {Springer},
  url = {http://emjotde.github.io/publications/pdf/mjd2012tsd1.pdf},
  pages = {320--328},
}   
  
@InProceedings{junczys_tsd_2012a,
  author = {Marcin Junczys-Dowmunt},
  title = {A Genetic Programming Experiment in Natural Language Grammar Engineering},
  booktitle = {15th International Conference on Text, Speech and Dialogue (TSD)},
  year = {2012},
  series = {Lecture Notes in Artificial Intelligence (LNAI)},
  volume = {7499},
  address = {Brno, Czech Republic},
  publisher = {Springer},
  url = {http://emjotde.github.io/publications/pdf/mjd2012tsd2.pdf},
  pages = {336--345},
}

@article{psi-toolkit_2012,
  author = {Graliński, Filip and Jassem, Krzysztof and Junczys-Dowmunt, Marcin},
  journal = {Computational Linguistics - Applications},
  pages = {27--39},
  series = {Studies in Computational Intelligence},
  title = {{PSI-Toolkit}: Natural Language Processing Pipeline},
  volume = 458,
  year = 2012
}

@InProceedings{junczys_siis_2011,
  author = {Marcin Junczys-Dowmunt and Arkadiusz Szał},
  title = {SyMGiza++: Symmetrized Word Alignment Models for Machine Translation},
  booktitle = {Security and Intelligent Information Systems (SIIS)},
  year = {2011},
  series = {Lecture Notes in Computer Science (LNCS)},
  volume = {7053},
  address = {Warsaw, Poland},
  publisher = {Springer},
  url = {http://emjotde.github.io/publications/pdf/mjd2011siis.pdf},
}     

@Article{junczys_slt_2011,
  title = {A Comparison of Search Algorithms for Syntax-based SMT},
  author = {Marcin Junczys-Dowmunt},
  journal = {Speech, Language and Technology},
  volume = {11},
  year = {2011},
  address = {Poznań, Poland},
} 

@InProceedings{junczys_cla_2010,
  author = {Marcin Junczys-Dowmunt and Arkadiusz Szał},
  title = {SyMGiza++: A Tool for Parallel Computation of Symmetrized Word Alignment Models},
  booktitle = {5th International Multiconference on Computer Science and Information Technology},
  year = {2010},
  address = {Wisła, Poland},
  pages = {397-401},
  url = {http://proceedings2010.imcsit.org/pliks/172.pdf},
}     

@InProceedings{junczys_cicling_2010,
  author = {Marcin Junczys-Dowmunt},
  title = {A Maximum Entropy Approach to Translation Rule Filtering},
  booktitle = {11th International Conference on Intelligent Text Processing and Computational Linguistics (CICLing)},
  year = {2010},
  series = {Lecture Notes in Computer Science (LNCS)},
  volume = {6008},
  address = {Iasi, Romania},
  publisher = {Springer},
  pages = {451--463},
  url = {http://emjotde.github.io/publications/pdf/mjd2010cicling.pdf},
}    
  
@InProceedings{ junczys_trees_2009,
  title = {It's all about the Trees - Towards a Hybrid Syntax-Based MT System},
  booktitle = {4th International Multiconference on Computer Science and Information Technology},
  address = {Mrągowo, Poland},
  author = {Marcin Junczys-Dowmunt},
  year = {2009},
  pages = {219--226},
  url = {http://www.proceedings2009.imcsit.org/pliks/146.pdf}
}

@PhdThesis { junczys_phdthesis_2009,
  title = {Niemieckie rzeczowniki złożone i ich polskie odpowiedniki - Automatyczna ekstrakcja, analiza i weryfikacja na podstawie korpusów równoległych},
  author = {Marcin Junczys-Dowmunt},
  school = {Adam Mickiewicz University, Poznań, Poland},
  year = {2009},
  url = {http://emjotde.github.io/publications/pdf/mjd2009phdthesis.pdf},
}

@Article { junczys_inveling_2008,
  author = {Marcin Junczys-Dowmunt},
  title = {Wprowadzenie do metod statystycznych w tłumaczeniu automatycznym},
  journal = {Investigationes Linguisticae},
  volume = {16},
  url = {http://www.inveling.amu.edu.pl/pdf/Marcin_Junczys-Dowmunt_inve16.pdf},
  address = {Poznań, Poland},
  year = {2008},
  pages = {44--66}
}

@InProceedings { junczys_ttcp_2008,
  author = {Marcin Junczys-Dowmunt},
  title = {Influence of accurate compound noun splitting on bilingual vocabulary extraction},
  series = {Text Resources and Lexical Knowledge. Text, Translation, Computational Processing (TTCP)},
  volume = {8},
  address = {Berlin, Germany},
  booktitle = {9. Konferenz zur Verarbeitung natürlicher Sprache (Konvens)},
  Publisher = {Mouton de Gruyter},
  year = {2008},
  pages = {91--105},
  url = {http://emjotde.github.io/publications/pdf/mjd2008konvens.pdf},
}

@InProceedings { junczys_ltc_2007,
  author = {Marcin Junczys-Dowmunt and Filip Graliński},
  title = {Using a Treebank Grammar for the Syntactical Annotation of German Lexical Phrases},
  booktitle = {3rd Language and Technology Conference (LTC)},
  address = {Poznań},
  year = {2007},
  url = {http://emjotde.github.io/publications/pdf/mjd2007ltc.pdf},
}

@Article{ junczys_inveling_2006,
  author = {Marcin Junczys-Dowmunt},
  title = {Model skończenie stanowy niemieckich wyrazów pojedynczo i wielokrotnie złożonych},
  journal = {Investigationes Linguisticae},
  volume = {14},
  pages = {50--67},
  url = {http://www.inveling.amu.edu.pl/pdf/junczys_inve14.pdf},
  address = {Poznań, Poland},
  year = {2006},
}